@article{milyoWaldfo2016,
  author    = {Jeffrey Milyo and Joel Waldfo},
  title     = {The Effect of Price Advertising on Prices: Evidence in the Wake of 44 Liquormart},
  journal   = {American Economic Association},
  pages     = {1--17},
  year      = {2016},
  url       = {https://www-jstor-org.libproxy.berkeley.edu/stable/pdf/117048.pdf?refreqid=fastly-default:e5475d66bfa78e75e2c31c22ac158517}
}

@misc{medicaidLongTermServices2013,
  title     = {Medicaid Long-Term Services Reforms in the Deficit Reduction Act},
  year      = {2013},
  url       = {https://www.kff.org/wp-content/uploads/2013/01/7486.pdf},
  note      = {Accessed: 2016-04}
}

@article{kolstadKowalski2016,
  author    = {Jonathan T. Kolstad and Amanda E. Kowalski},
  title     = {Mandate-based health reform and the labor market: Evidence from the Massachusetts reform},
  journal   = {Journal of Health Economics},
  pages     = {1--26},
  year      = {2016},
  doi       = {10.1016/j.jhealeco.2016.01.012},
  url       = {https://www.sciencedirect.com/science/article/abs/pii/S0167629616000278}
}

@article{mazumderMiller2016,
  author    = {Bhashkar Mazumder and Sarah Miller},
  title     = {The Effects of the Massachusetts Health Reform on Household Financial Distress},
  journal   = {American Economic Journal: Economic Policy},
  pages     = {1--19},
  year      = {2016},
  doi       = {10.1257/pol.20150045},
  url       = {https://pubs.aeaweb.org/doi/pdfplus/10.1257/pol.20150045}
}

@misc{hhsPovertyGuidelines2007,
  title     = {2007 HHS Poverty Guidelines},
  year      = {2007},
  url       = {https://aspe.hhs.gov/2007-hhs-poverty-guidelines}
}

@misc{kffHealthReformHistory2011,
  title     = {History of Health Reform},
  year      = {2011},
  url       = {https://www.kff.org/wp-content/uploads/2011/03/5-02-13-history-of-health-reform.pdf}
}
